@article{LoVerde:2008re,
      author         = "LoVerde, Marilena and Afshordi, Niayesh",
      title          = "{Extended Limber Approximation}",
      journal        = "Phys. Rev.",
      volume         = "D78",
      year           = "2008",
      pages          = "123506",
      doi            = "10.1103/PhysRevD.78.123506",
      eprint         = "0809.5112",
      archivePrefix  = "arXiv",
      primaryClass   = "astro-ph",
      SLACcitation   = "%%CITATION = ARXIV:0809.5112;%%"
}

@article{Kilbinger:2014cea,
      author         = "Kilbinger, Martin",
      title          = "{Cosmology with cosmic shear observations: a review}",
      journal        = "Rept. Prog. Phys.",
      volume         = "78",
      year           = "2015",
      pages          = "086901",
      doi            = "10.1088/0034-4885/78/8/086901",
      eprint         = "1411.0115",
      archivePrefix  = "arXiv",
      primaryClass   = "astro-ph.CO",
      SLACcitation   = "%%CITATION = ARXIV:1411.0115;%%"
}
